@misc{cesaroni,
title={Pro150® Reloadable High Power Rocket Motors}, url={http://www.pro38.com/products/pro150/motor.php}, author={Cesaroni Technology}, year={2012}}

@misc{varma_2018, 
title={Here Are 10 Things You Need To Know About BrahMos Supersonic Cruise Missile}, url={https://www.ndtv.com/india-news/brahmos-supersonic-cruise-missile-here-are-10-things-you-need-to-know-1827226}, 
journal={NDTV.com}, 
author={Varma, Shylaja},
year={2018}, 
month={Mar}}

@article{parsch, 
title={Martin Marietta ASALM},
year={2018},
url={http://www.designation-systems.net/dusrm/app4/asalm.html}, 
journal={Directory of U.S. Military Rockets and Missiles}, 
author={Parsch, Andreas}}

@misc{crowell, 
title={The Descriptive Geometry of Nose Cones}, 
year={1996},
author={Crowell, Gary A}}

@book{mahoney_1991, 
place={Washington, DC}, 
title={Inlets for supersonic missiles}, 
publisher={American Inst. of Aeronautics and Astronautics}, 
author={Mahoney, John J.}, 
year={1991}}

@article{vatistas1986reverse,
  title={Reverse Flow Radius in Vortex Chambers},
  author={Vatistas, G H and Lin, S and Kwok, C K},
  journal={AIAA Journal},
  volume={24},
  number={11},
  pages={1872, 1873},
  year={1986},
  publisher={American Institute of Aeronautics and Astronautics},
  doi = {10.2514/3.13046}
}

@article{herrmann_2008,
title={Experimental Study of Chin Intakes for Airbreathing Missiles with High Agility},
volume={24},
DOI={10.2514/1.29672},
number={2},
journal={Journal of Propulsion and Power}, 
author={Herrmann, Dirk and Triesch, Klaus and Gülhan, Ali},
year={2008}, 
pages={236–244}
}

@article{webster_bucy_1979,
title={ASALM PTV Chin Inlet Technology Overview},
DOI={10.2514/6.1979-1240}, 
journal={AIAA/SAE/ASME 15th Joint Propulsion Conference, Las Vegas, NV},
author={Webster, Frank F. and Bucy, James A.},
year={1979},
month={Jun}
}

@book{seddon_goldsmith_1999,
title={Intake Aerodynamics},
edition={2},
publisher={American Institute of Aeronautics and Astronautics, Inc \& Blackwell Science Ltd.},
DOI={10.2514/4.473616}, 
series={AIAA Education Series}, 
author={Seddon, J. and Goldsmith, E.}, 
year={1999}}

@article{dornheim1996planetary,
  title={Planetary Flight Surge Faces Budget Realities},
  author={Dornheim, Michael A},
  journal={Aviation Week \& Space Technology},
  volume={145},
  number={24},
  pages={44--46},
  year={1996}
}

@article{terster1997nasa,
  title={NASA Considers Switch to Delta 2},
  author={Terster, W},
  journal={Space News},
  volume={8},
  number={2},
  pages={13--19},
  year={1997}
}

@inbook{peyret2012computational,
  title={Computational Methods for Fluid Flow},
  edition={2},
  author={Peyret, Roger and Taylor, Thomas D},
  year={1983},
  publisher={Springer-Verlag},
  address={New York},
  chapter={7, 14}
}

@inbook{oates1997aerothermodynamics,
  title={Aerothermodynamics of Gas Turbine and Rocket Propulsion},
  series={AIAA Education Series},
  editor={Oates, Gordon C},
  year={1984},
  publisher={AIAA},
  address={New York},
  pages={19, 136},
}

@incollection{volpe1994techniques,
  title={Techniques for Collision Prevention, Impact Stability, and Force Control by Space Manipulators},
  author={Volpe, Richard},
  booktitle={Teleoperation and Robotics in Space},
  series={Progress in Astronautics and Aeronautics},
  editor={S. B. Skaar and C. F. Ruoff},
  pages={175--212},
  year={1994},
  publisher={AIAA},
  address={Washington, DC}
}

@inproceedings{thompsonspacecraft,
  title={Spacecraft Thermal Control, Design, and Operation},
  author={Thompson, C M},
  booktitle={AIAA Guidance, Navigation, and Control Conference},
  series={CP849},
  volume={1},
  year={1989},
  pages={103--115},
  publisher={AIAA},
  address={Washington, DC}
}

@proceedings{chi1993fluid,
  title={Fluid Mechanics Proceedings},
  editor={Chi, Y},
  series={NASA SP-255},
  year={1993}
}


@article{hyball,
  title={Optimization of Hybrid-Rocket-Booster Fuel-Grain Design},
  author={Vonderwell, D.J. and Murray, I.F., and Heister, S.D.},
  journal={Journal of Spacecraft and Rockets},
  volume={32},
  number={6},
  year={1995}
}

@article{Pourpoint,
  title={Solid-Fuel Regression Rate and Flame Characteristics in an Opposed Flow Burner},
  author={Shark, S.C. and Zaseck, C. and Pourpoint, T., and Son, S.F.},
  journal={Journal of Propulsion and Power},
  volume={30},
  number={6},
  year={2014}
}

@book{fleeman_2001, place={Reston, VA}, title={Tactical Missile Design}, publisher={American Institute of Aeronautics and Astronautics}, author={Fleeman, Eugene L.}, year={2001}
}

@misc{slater_2009, title={Design and Analysis Tools for Supersonic Inlets}, url={https://ntrs.nasa.gov/search.jsp?R=20100042200}, journal={NASA}, publisher={NASA Glenn Research Center}, author={Slater, John W}, year={2009}, month={Sep}}

@article{trebs, title={Supersonic Inlet Design Primer}, journal={Supersonic Inlet Design Primer}, author={Trebs, A}}

@article{eatough1977,
  title={Improved Jet Tab Thrust Vector Control for the BGM-34C Booster},
  author={Eatough, Richard G},
  journal={Defense Technical Information Center},
  year={1977}
}

@mastersthesis{tshokotsha_2016, title={Internal Ballistic Modelling of Solid Rocket Motors Using Level Set Methods for Simulating Grain Burnback}, author={Tshokotsha, Mvuyisi Humphrey}, year={2016}, school={Stellenbosch University}} 